<?xml version = "1.0" encoding = "UTF-8"?><OAI-PMH xmlns="http://www.openarchives.org/OAI/2.0/" xmlns:xsi="http://www.w3.org/2001/XMLSchema-instance" xsi:schemaLocation="http://www.openarchives.org/OAI/2.0/ http://www.openarchives.org/OAI/2.0/OAI-PMH.xsd"><ListRecords><record><header><identifier>aleph-publish:036489703</identifier></header><metadata><record xmlns="http://www.ddb.de/professionell/mabxml/mabxml-1.xsd"><leader>------M2.01200024------h</leader><controlfield tag="LDR">------M2.01200024------h</controlfield><controlfield tag="FMT">MH</controlfield><datafield tag="001" ind1="-" ind2="1"><subfield code="a">HT020297152</subfield></datafield><datafield tag="002" ind1="a" ind2="1"><subfield code="a">20191128</subfield></datafield><datafield tag="026" ind1="-" ind2="1"><subfield code="a">HBZHT020297152</subfield></datafield><controlfield tag="030">a|zur||||||17</controlfield><datafield tag="036" ind1="a" ind2="1"><subfield code="a">XA-DE-NW</subfield></datafield><datafield tag="037" ind1="b" ind2="1"><subfield code="a">ger</subfield></datafield><controlfield tag="050">a|a|||||||||||</controlfield><controlfield tag="051">at||||||</controlfield><datafield tag="060" ind1="-" ind2="1"><subfield code="b">txt</subfield><subfield code="a">Text</subfield></datafield><datafield tag="061" ind1="-" ind2="1"><subfield code="b">n</subfield><subfield code="a">ohne Hilfsmittel zu benutzen</subfield></datafield><datafield tag="062" ind1="-" ind2="1"><subfield code="b">nc</subfield><subfield code="a">Band</subfield></datafield><datafield tag="070" ind1="-" ind2="1"><subfield code="a">6</subfield></datafield><datafield tag="078" ind1="n" ind2="1"><subfield code="a">NWBib-6</subfield></datafield><datafield tag="080" ind1="-" ind2="1"><subfield code="a">60</subfield></datafield><datafield tag="100" ind1="-" ind2="1"><subfield code="p">Klose, Peter</subfield><subfield code="d">1974-</subfield><subfield code="9">(DE-588)135325900</subfield></datafield><datafield tag="331" ind1="-" ind2="1"><subfield code="a">&lt;&lt;Die&gt;&gt; Erfindung des Rockkonzerts in der Provinz</subfield></datafield><datafield tag="335" ind1="-" ind2="1"><subfield code="a">ein praxeologischer Blick auf das Soester &quot;Karussell der Jugend&quot; 1959-1971</subfield></datafield><datafield tag="359" ind1="-" ind2="1"><subfield code="a">Peter Klose</subfield></datafield><datafield tag="425" ind1="a" ind2="1"><subfield code="a">2019</subfield></datafield><datafield tag="434" ind1="-" ind2="1"><subfield code="a">Illustrationen, Diagramm</subfield></datafield><datafield tag="590" ind1="-" ind2="1"><subfield code="a">(Dis-)Orienting Sounds</subfield></datafield><datafield tag="591" ind1="-" ind2="1"><subfield code="a">Ralf von Appen, Mario Dunkel (Hg.)</subfield></datafield><datafield tag="594" ind1="-" ind2="1"><subfield code="a">Bielefeld</subfield></datafield><datafield tag="595" ind1="-" ind2="1"><subfield code="a">2019</subfield></datafield><datafield tag="596" ind1="-" ind2="1"><subfield code="a">Seite 233-260</subfield></datafield><datafield tag="597" ind1="-" ind2="1"><subfield code="a">Beiträge zur Popularmusikforschung ; 45</subfield></datafield><datafield tag="599" ind1="-" ind2="1"><subfield code="a">HT020255346</subfield></datafield><datafield tag="700" ind1="n" ind2="1"><subfield code="a">Soest</subfield><subfield code="0">https://nwbib.de/spatial#Q6149</subfield></datafield><datafield tag="700" ind1="n" ind2="1"><subfield code="a">Konzerte und Musikveranstaltungen</subfield><subfield code="0">https://nwbib.de/subjects#N826000</subfield></datafield><datafield tag="902" ind1="-" ind2="1"><subfield code="e">Karussell der Jugend</subfield><subfield code="c">Soest</subfield><subfield code="9">(DE-588)1200563662</subfield></datafield><datafield tag="902" ind1="-" ind2="1"><subfield code="z">Geschichte 1959-1971</subfield></datafield><datafield tag="907" ind1="-" ind2="1"><subfield code="e">Allerheiligenkirmes</subfield><subfield code="c">Soest</subfield><subfield code="9">(DE-588)7677592-6</subfield></datafield><datafield tag="907" ind1="-" ind2="1"><subfield code="s">Jugend</subfield><subfield code="9">(DE-588)4028859-6</subfield></datafield><datafield tag="907" ind1="-" ind2="1"><subfield code="s">Tanzveranstaltung</subfield><subfield code="9">(DE-588)4184453-1</subfield></datafield><datafield tag="907" ind1="-" ind2="1"><subfield code="z">Geschichte 1959-1971</subfield></datafield><controlfield tag="SYS">036489703</controlfield><datafield tag="952" ind1="-" ind2="1"><subfield code="e">KdJ</subfield></datafield><datafield tag="957" ind1="-" ind2="1"><subfield code="e">Soester Allerheiligenkirmes</subfield><subfield code="c">Soest</subfield></datafield><datafield tag="957" ind1="-" ind2="1"><subfield code="s">Jugend</subfield><subfield code="h">12-20 Jahre</subfield></datafield><datafield tag="957" ind1="-" ind2="1"><subfield code="s">Jugendalter</subfield></datafield><datafield tag="957" ind1="-" ind2="1"><subfield code="s">Jugendlicher</subfield></datafield><datafield tag="957" ind1="-" ind2="1"><subfield code="s">Teenager</subfield></datafield><datafield tag="957" ind1="-" ind2="1"><subfield code="s">Tanz</subfield><subfield code="x">Veranstaltung</subfield></datafield></record></metadata></record></ListRecords></OAI-PMH>